<?xml version="1.0" encoding="utf-8"?>
<record xmlns="http://www.loc.gov/MARC21/slim" xmlns:xsi="http://www.w3.org/2001/XMLSchema-instance" xsi:schemaLocation="http://www.loc.gov/MARC21/slim http://www.loc.gov/standards/marcxml/schema/MARC21slim.xsd">
	<leader>     nam a22        4500</leader>
	<controlfield tag="001">b12316222</controlfield>
	<controlfield tag="003">LeBAU</controlfield>
	<controlfield tag="006">m        d        </controlfield>
	<controlfield tag="007">cr cn |||m|||a</controlfield>
	<controlfield tag="008">170309s1947    iq acf  o     ||0 0 ara d</controlfield>
	<datafield ind1=" " ind2=" " tag="040">
		<subfield code="a">NNU</subfield>
		<subfield code="b">ara</subfield>
		<subfield code="e">rda</subfield>
		<subfield code="c">NNU</subfield>
	</datafield>
	<datafield ind1="1" ind2=" " tag="041">
		<subfield code="a">ara</subfield>
		<subfield code="h">eng</subfield>
	</datafield>
	<datafield ind1="0" ind2="4" tag="082">
		<subfield code="a">104</subfield>
		<subfield code="2">20</subfield>
	</datafield>
	<datafield ind1="1" ind2=" " tag="100">
		<subfield code="6">880-01</subfield>
		<subfield code="a">Russell, Bertrand,</subfield>
		<subfield code="d">1872-1970,</subfield>
		<subfield code="e">author.</subfield>
	</datafield>
	<datafield ind1="1" ind2="0" tag="240">
		<subfield code="a">Problems of philosophy.</subfield>
		<subfield code="l">Arabic</subfield>
	</datafield>
	<datafield ind1="1" ind2="0" tag="245">
		<subfield code="6">880-02</subfield>
		<subfield code="a">Mashākil al-falsafah /</subfield>
		<subfield code="c">ta’līf al-Faylasūf al-Inglīzī al-mu‘āṣir Birtirānd Rasil, ustādh al-falsafah bi-jāmi‘āt Landan wa-Kalīfūrniyā wa-Niyū Yūrk ;  naqalahu ilá al-‘Arabīyah ‘Abd al-‘Azīz al-Bassām, ‘uḍw al-bi‘thah al-‘Irāqīyah bi-Jāmi‘at Landan, Maḥmūd Ibrāhīm Muḥammad, mudarris bi-Dār al-Mu‘allimīn al-Ibtidā’īyah.</subfield>
	</datafield>
	<datafield ind1=" " ind2="1" tag="264">
		<subfield code="6">880-03</subfield>
		<subfield code="a">[al-‘Irāq] :</subfield>
		<subfield code="b">Maṭba‘at al-Sha‘b,</subfield>
		<subfield code="c">1947.</subfield>
	</datafield>
	<datafield ind1=" " ind2=" " tag="300">
		<subfield code="6">880-04</subfield>
		<subfield code="a">online resource (a-ṣ, 144 pages, 1 unnumbered page of plates) :</subfield>
		<subfield code="b">illustrations, portrait</subfield>
	</datafield>
	<datafield ind1=" " ind2=" " tag="336">
		<subfield code="a">text</subfield>
		<subfield code="2">rdacontent</subfield>
	</datafield>
	<datafield ind1=" " ind2=" " tag="337">
		<subfield code="a">computer</subfield>
		<subfield code="2">rdamedia</subfield>
	</datafield>
	<datafield ind1=" " ind2=" " tag="338">
		<subfield code="a">online resource</subfield>
		<subfield code="2">rdacarrier</subfield>
	</datafield>
	<datafield ind1=" " ind2=" " tag="500">
		<subfield code="a">Part of the Arabic Collections Online (ACO) project, contributed by American University of Beirut's Jafet Memorial Library.</subfield>
	</datafield>
	<datafield ind1=" " ind2=" " tag="533">
		<subfield code="a">Electronic reproduction.</subfield>
		<subfield code="b">New York, N.Y. :</subfield>
		<subfield code="c">New York University,</subfield>
		<subfield code="d">2017.</subfield>
		<subfield code="5">NNU</subfield>
	</datafield>
	<datafield ind1=" " ind2="4" tag="650">
		<subfield code="a">الفلسفة.</subfield>
	</datafield>
	<datafield ind1=" " ind2="0" tag="650">
		<subfield code="a">Philosophy.</subfield>
	</datafield>
	<datafield ind1="1" ind2=" " tag="700">
		<subfield code="6">880-05</subfield>
		<subfield code="a">Bassām, ‘Abd al-‘Azīz,</subfield>
		<subfield code="e">translator.</subfield>
	</datafield>
	<datafield ind1="1" ind2=" " tag="700">
		<subfield code="6">880-06</subfield>
		<subfield code="a">Muḥammad, Maḥmūd Ibrāhīm,</subfield>
		<subfield code="e">translator.</subfield>
	</datafield>
	<datafield ind1="2" ind2=" " tag="710">
		<subfield code="a">Jafet Memorial Library.</subfield>
	</datafield>
	<datafield ind1="0" ind2=" " tag="730">
		<subfield code="a">Arabic Collections Online.</subfield>
	</datafield>
	<datafield ind1="0" ind2=" " tag="765">
		<subfield code="6">880-07</subfield>
		<subfield code="i">ترجمة كتاب:</subfield>
		<subfield code="t">The problems of philosophy.</subfield>
		<subfield code="b">New and rev. ed.</subfield>
		<subfield code="d">London : Williams, 1926</subfield>
		<subfield code="w">(OCoLC)785056357</subfield>
		<subfield code="w">(OCoLC)785056357</subfield>
		<subfield code="a">Translation of:</subfield>
	</datafield>
	<datafield ind1="0" ind2="8" tag="776">
		<subfield code="i">Print version:</subfield>
		<subfield code="a">Russell, Bertrand, 1872-1970, author.</subfield>
		<subfield code="t">Mashākil al-falsafah</subfield>
		<subfield code="w">(LeBAU)b12316222</subfield>
	</datafield>
	<datafield ind1="4" ind2="0" tag="856">
		<subfield code="u">http://hdl.handle.net/2333.1/f7m0cmkh</subfield>
	</datafield>
	<datafield ind1="1" ind2=" " tag="880">
		<subfield code="6">100-01/(3/r</subfield>
		<subfield code="a">رسل، برتراند،</subfield>
		<subfield code="d">1872-1970،</subfield>
		<subfield code="e">مؤلف. </subfield>
		<subfield code="4">aut.</subfield>
	</datafield>
	<datafield ind1="1" ind2="0" tag="880">
		<subfield code="6">245-02/(3/r</subfield>
		<subfield code="a">مشاكل الفلسفة /</subfield>
		<subfield code="c">تأليف الفيلسوف الإنجليزي المعاصر برتراند رسل، أستاذ الفلسفة بجامعات لندن وكاليفورنيا ونيويورك ؛ نقله الى العربية عبد العزيز البسام، عضو البعثة العراقية بجامعة لندن، محمود إبراهيم محمد، مدرس بدار المعلمين الإبتدائية.</subfield>
	</datafield>
	<datafield ind1=" " ind2="1" tag="880">
		<subfield code="6">264-03/(3/r</subfield>
		<subfield code="a">[العراق] :</subfield>
		<subfield code="b">مطبعة الشعب،</subfield>
		<subfield code="c">1947.</subfield>
	</datafield>
	<datafield ind1=" " ind2=" " tag="880">
		<subfield code="6">300-04/(3/r</subfield>
		<subfield code="a">أ-ص، 144 صفحة، 1 صفحة لوحات غير مرقمة :</subfield>
		<subfield code="b">مصورات، صورة شخصانية ؛</subfield>
		<subfield code="c">20 سم</subfield>
	</datafield>
	<datafield ind1="1" ind2=" " tag="880">
		<subfield code="6">700-05/(3/r</subfield>
		<subfield code="a">البسام، عبد العزيز،</subfield>
		<subfield code="e">مترجم. </subfield>
		<subfield code="4">trl.</subfield>
	</datafield>
	<datafield ind1="1" ind2=" " tag="880">
		<subfield code="6">700-06/(3/r</subfield>
		<subfield code="a">محمد، محمود ابراهيم،</subfield>
		<subfield code="e">مترجم. </subfield>
		<subfield code="4">trl.</subfield>
	</datafield>
	<datafield ind1="0" ind2=" " tag="880">
		<subfield code="6">765-07/(3/r</subfield>
		<subfield code="a">Translation of:</subfield>
		<subfield code="t">The problems of philosophy.</subfield>
		<subfield code="b">New and rev. ed.</subfield>
		<subfield code="d">London : Williams, 1926</subfield>
		<subfield code="w">b10459297</subfield>
		<subfield code="w">(OCoLC)785056357</subfield>
	</datafield>
	<datafield ind1=" " ind2=" " tag="959">
		<subfield code="a">NNU</subfield>
		<subfield code="b">WEB</subfield>
		<subfield code="c">GENI</subfield>
		<subfield code="t">0</subfield>
		<subfield code="m">Electronic access</subfield>
		<subfield code="s">01</subfield>
	</datafield>
	<datafield ind1=" " ind2=" " tag="999">
		<subfield code="i">LeBAU_b12316222</subfield>
		<subfield code="s">aub_aco000711</subfield>
		<subfield code="e">(ERROR-880)(ERROR-MISC)</subfield>
	</datafield>
</record>
